[gd_scene load_steps=18 format=2]

[ext_resource path="res://Scripts/Player.gd" type="Script" id=1]
[ext_resource path="res://Assets/Asset 1@4x.png" type="Texture" id=2]
[ext_resource path="res://Assets/jump1.png" type="Texture" id=3]
[ext_resource path="res://Assets/jump2.png" type="Texture" id=4]
[ext_resource path="res://Assets/jump3.png" type="Texture" id=5]
[ext_resource path="res://Assets/jump4.png" type="Texture" id=6]
[ext_resource path="res://Assets/jump5.png" type="Texture" id=7]
[ext_resource path="res://Assets/jump6.png" type="Texture" id=8]
[ext_resource path="res://Assets/walk1.png" type="Texture" id=9]
[ext_resource path="res://Assets/walk2.png" type="Texture" id=10]
[ext_resource path="res://Assets/walk3.png" type="Texture" id=11]
[ext_resource path="res://Assets/walk4.png" type="Texture" id=12]
[ext_resource path="res://Assets/walk5.png" type="Texture" id=13]
[ext_resource path="res://Assets/walk6.png" type="Texture" id=14]
[ext_resource path="res://Assets/dead.png" type="Texture" id=15]

[sub_resource type="RectangleShape2D" id=1]
extents = Vector2( 12.2109, 27.1658 )

[sub_resource type="SpriteFrames" id=2]
animations = [ {
"frames": [ ExtResource( 2 ) ],
"loop": false,
"name": "idle",
"speed": 0.0
}, {
"frames": [ ExtResource( 3 ), ExtResource( 4 ), ExtResource( 5 ), ExtResource( 6 ), ExtResource( 7 ), ExtResource( 8 ) ],
"loop": true,
"name": "jump",
"speed": 5.0
}, {
"frames": [ ExtResource( 9 ), ExtResource( 10 ), ExtResource( 11 ), ExtResource( 12 ), ExtResource( 13 ), ExtResource( 14 ) ],
"loop": true,
"name": "walk",
"speed": 5.0
}, {
"frames": [ ExtResource( 11 ), ExtResource( 15 ) ],
"loop": true,
"name": "dead",
"speed": 24.0
} ]

[node name="Player" type="KinematicBody2D"]
position = Vector2( -0.0596886, -0.0272694 )
scale = Vector2( 0.5, 0.5 )
z_index = 1
script = ExtResource( 1 )

[node name="CollisionShape2D" type="CollisionShape2D" parent="."]
position = Vector2( -0.0456448, 0 )
shape = SubResource( 1 )
__meta__ = {
"_edit_group_": true
}

[node name="AnimatedSprite" type="AnimatedSprite" parent="."]
position = Vector2( -0.399027, 0.399035 )
scale = Vector2( 0.05, 0.05 )
frames = SubResource( 2 )
animation = "dead"
__meta__ = {
"_edit_group_": true
}

[node name="Position2D" type="Position2D" parent="."]
position = Vector2( 34.9152, -0.099762 )

[node name="Camera2D" type="Camera2D" parent="."]
current = true
limit_left = 0
limit_top = 0
limit_right = 735
limit_bottom = 180
smoothing_enabled = true
smoothing_speed = 10.0
editor_draw_limits = true

[node name="Timer" type="Timer" parent="."]
one_shot = true
[connection signal="timeout" from="Timer" to="." method="_on_Timer_timeout"]
